@book{Murphy,
 author = {Murphy, Kevin P.},
 title = {Machine Learning: A Probabilistic Perspective},
 year = {2012},
 isbn = {0262018020, 9780262018029},
 publisher = {The MIT Press},
}

@article{Sundberg:13,
  author    = {Sundberg, Ralph, Erik Melander},
  title     = {Introducing the UCDP Georeferenced Event Dataset},
  journal   = {Journal of Peace Research},
  volume    = {50},
  number    = {4},
  pages     = {523--532},
  year      = {2013},
  url       = {},
}

@manual{Codebook2017,
  author    = {Croicu, Mihai, Ralph Sundberg},
  title     = {UCDP GED Codebook version 17.1},
  institution = {Department of Peace and Conflict Research, Uppsala University},
  year      = {2017},
  note      = {Available at \url{http://ucdp.uu.se/downloads/ged/ged171.pdf}},
}

@misc{UNGeoscheme,
  title     = {United Nations' Geoscheme for Africa},
  url       = {https://unstats.un.org/unsd/methodology/m49/},
  year      = {2015},
}

@misc{wiki:xxx,
    author = "Wikipedia contributors",
    title = "Eritreanâ€“Ethiopian War --- Wikipedia{,} The Free Encyclopedia",
    year = "2017",
    url = "https://en.wikipedia.org/w/index.php?title=Eritrean%E2%80%93Ethiopian_War&oldid=815894394",
    note = "[Online; accessed 19-December-2017]"
}

@misc{wiki:aids,
    author = "Wikipedia contributors",
    title = "HIV/AIDS in South Africa --- Wikipedia{,} The Free Encyclopedia",
    year = "2017",
    url = "https://en.wikipedia.org/w/index.php?title=HIV/AIDS_in_South_Africa&oldid=815295255",
    note = "[Online; accessed 19-December-2017]"
  }

@misc{ wiki:boko,
    author = "Wikipedia contributors",
    title = "Boko Haram --- Wikipedia{,} The Free Encyclopedia",
    year = "2017",
    url = "\url{https://en.wikipedia.org/w/index.php?title=Boko_Haram&oldid=815683781}",
    note = "[Online; accessed 19-December-2017]"
  }

@misc{Eldersveld2017,
  author = {David Eldersveld},
  title = {TopoJSON Collection},
  year = {2017},
  publisher = {GitHub},
  journal = {GitHub repository},
  howpublished = {\url{https://github.com/deldersveld/topojson}},
  commit = {1ba619fbb639ba55712c8e59bff3db63f4937654}
}
